@inproceedings{Zhuo-hua2005,
address = {Barcelona},
annote = {Cet article présente une enquête des travaux antérieurs concernant la détection et le diagnostique des fautes pour les robots à roues en environnements inconnus. Les différentes approches sont catégorisées et quelques références sont fournies pour chaque catégorie. Les travaux que je vais effectuer durant ma recherche pourraient utiliser différentes techniques de détections des fautes et permettre la gestion des problèmes sous-jacents.},
author = {Zhuo-hua, Duan and Zi-xing, Cai and Jin-xia, Yu},
booktitle = {IEEE International Conference on Robotics and Automation (ICRA)},
doi = {10.1109/ROBOT.2005.1570640},
file = {:home/edminster/.local/share/data/Mendeley Ltd./Mendeley Desktop/Downloaded/Survey - 2005 - Fault Diagnosis and Fault Tolerant Control for Wheeled Mobile Robots under Unknown Environments.pdf:pdf},
isbn = {078038914X},
keywords = {0\_NotBad,FaultDiagnosis,SensorCamera,SensorEncoder,SensorIMU,SensorRange,SensorSONAR,Survey},
mendeley-tags = {0\_NotBad,FaultDiagnosis,SensorCamera,SensorEncoder,SensorIMU,SensorRange,SensorSONAR,Survey},
number = {April},
pages = {3428----3433},
publisher = {IEEE},
title = {{Fault Diagnosis and Fault Tolerant Control for Wheeled Mobile Robots under Unknown Environments : A Survey}},
year = {2005}
}

@inproceedings{Reinstein2013,
address = {Karlsruhe},
annote = {Les auteurs de l'article proposent une méthode de correction des erreurs d'odométrie basée sur la classification des terrains. Les étiquettes de classes sont déterminées directement grâce aux coefficients de correction d'odométrie. Lors de mes recherches, il serait intéressant d'effectuer des expérimentations dans la neige, car l'adhérence des surfaces enneigée varie significativement dépendamment des conditions météorologiques. },
author = {Reinstein, Michal and Kubelka, Vladimir and Zimmermann, Karel},
booktitle = {IEEE International Conference on Robotics and Automation (ICRA)},
file = {:home/edminster/.local/share/data/Mendeley Ltd./Mendeley Desktop/Downloaded/Reinstein, Kubelka, Zimmermann - 2013 - Terrain Adaptive Odometry for Mobile Skid - steer Robots.pdf:pdf},
isbn = {9781467356435},
keywords = {0\_NotBad,MachineLearning,SensorCamera,SensorIMU,SensorRange,TerrainInteraction},
mendeley-tags = {0\_NotBad,MachineLearning,SensorCamera,SensorIMU,SensorRange,TerrainInteraction},
pages = {4706--4711},
publisher = {IEEE},
title = {{Terrain Adaptive Odometry for Mobile Skid - steer Robots}},
year = {2013}
}

@article{Peynot2010,
annote = {Cet article présente un ensemble de données provenant de plusieurs capteurs précisément calibrés. L'acquisition des données a été effectuée dans différents environnements et dans différentes conditions. Il s'agit de données potentiellement utiles pour tester certains algorithmes développés durant mes recherches.},
author = {Peynot, Thierry and Scheding, Steve and Terho, Sami},
doi = {10.1177/0278364910384638},
file = {:home/edminster/.local/share/data/Mendeley Ltd./Mendeley Desktop/Downloaded/Peynot, Scheding, Terho - 2010 - The Marulan Data SetsMulti-Sensor Perception in Natural Environment With Challenging Conditions.pdf:pdf},
issn = {0278-3649},
journal = {The International Journal of Robotics Research (IJRR)},
keywords = {0\_NotBad,Dataset,SensorCamera,SensorInfraredCamera,SensorRadar,SensorRange,computer vision,field robots,range sensing,sensor data fusion},
mendeley-tags = {0\_NotBad,Dataset,SensorCamera,SensorInfraredCamera,SensorRadar,SensorRange},
month = nov,
number = {13},
pages = {1602--1607},
title = {{The Marulan Data Sets:Multi-Sensor Perception in Natural Environment With Challenging Conditions}},
url = {http://ijr.sagepub.com/cgi/doi/10.1177/0278364910384638},
volume = {29},
year = {2010}
}

@article{Sofman2006a,
annote = {Ce document présente une méthode permettant la planification de chemin de coût minimal en utilisant des algorithmes d'apprentissage automatique. L'utilisation des algorithmes est auto-supervisée et s'adapte aux conditions changeantes du robot. Un élément intéressant de l'article est l'utilisation de cartes aériennes pour la planification de trajet pour de longues distances.},
author = {Sofman, Boris and Lin, Ellie and Bagnell, J Andrew and Cole, John and Vandapel, Nicolas and Stentz, Anthony},
doi = {DOI: 10.1002/rob.20169},
file = {:home/edminster/.local/share/data/Mendeley Ltd./Mendeley Desktop/Downloaded/Sofman et al. - 2007 - Improving Robot Navigation through Self-Supervised Online Learning.pdf:pdf},
journal = {Journal of Field Robotics},
number = {11-12},
pages = {1059--1075},
title = {{Improving Robot Navigation through Self-Supervised Online Learning}},
volume = {23},
year = {2006}
}

@inproceedings{Haselich2012,
annote = {Cet article est basé sur un article antérieur d'identification du sol utilisant la technique de champ aléatoire de Markov. Les auteurs proposent des améliorations grâce à la parallélisation du traitement sur plusieurs processeurs et en utilisant les ressources d'une carte graphique. },
address = {Guangzhou},
author = {Haselich, Marcel and Eggert, Simon and Paulus, Dietrich},
booktitle = {IEEE International Conference on Robotics and Biomimetics (ROBIO)},
doi = {10.1109/ROBIO.2012.6491233},
file = {:home/edminster/.local/share/data/Mendeley Ltd./Mendeley Desktop/Downloaded/Haselich, Eggert, Paulus - 2012 - Parallelized energy minimization for real-time Markov random field terrain classification in natural e.pdf:pdf},
isbn = {978-1-4673-2127-3},
month = dec,
pages = {1823--1828},
publisher = {IEEE},
title = {{Parallelized energy minimization for real-time Markov random field terrain classification in natural environments}},
url = {http://ieeexplore.ieee.org/lpdocs/epic03/wrapper.htm?arnumber=6491233},
year = {2012}
}

@inproceedings{Ho2011,
annote = {Ce document présente une analyse comparative des approches de représentation géométrique pour les surfaces martiennes. Ces représentations permettent de déterminer si une certaine surface est traversable. Les avantages et inconvénients de plusieurs techniques sont présentés, ce qui peut être utile lors de mes recherches.},
address = {Canberra},
author = {Ho, Ken and Peynot, Thierry and Sukkarieh, Salah},
booktitle = {Australian Space Science Conference (ASSC)},
file = {:home/edminster/.local/share/data/Mendeley Ltd./Mendeley Desktop/Downloaded/Ho, Peynot, Sukkarieh - 2006 - Analysis of Terrain Geometry Representations For Traversability of a Mars Rover.pdf:pdf},
number = {11-12},
pages = {359--372},
title = {{Analysis of Terrain Geometry Representations For Traversability of a Mars Rover}},
volume = {23},
year = {2011}
}

@article{Sinha2013,
annote = {Cet article présente une méthode de détection d'obstacles négatifs, autrement dit, des cavités du sol qui ne peuvent pas être traversées par le robot. Les résultats sont obtenus grâce à l'utilisation de l'analyse en composantes principales appliquée sur un nuage de points. },
abstract = {Safe navigation of robotic vehicles is considered as a key pre-requisite of successful mission operations within highly adverse and unconstrained environments. While there has been extensive research in the perception of positive obstacles, little progress can be accredited to the field of negative obstacles. This paper hypostatizes an elaborative attempt to address the problem of negative obstacle detection and traversability analysis in the form of gaps by processing 3-dimensional range data. The domain of application concerns Urban Search and Rescue scenarios that reflect environments of increased complexity in terms of diverse terrain irregularities. To allow real-time performance and, in turn, timely prevention of unrecoverable robotic states, the proposed approach is based on the application of efficient image morphological operations for noise reduction and border following the detection and grouping of gaps. Furthermore, we reason about gap traversability, a concept that is novel within the field. Traversability assessments are based on features extracted through Principal Component Analysis by exploring the spatial distribution of the interior of the individual gaps or the orientation distribution of the corresponding contour. The proposed approach is evaluated within a realistic scenario of a tunnel car accident site and a challenging outdoor scenario. Using a contemporary Search and Rescue robot, we have performed extensive experiments under various parameter settings that allowed the robot to always detect the real gaps, and either optimally cross over those that were traversable or otherwise avoid them.},
author = {Sinha, Arnab and Papadakis, Panagiotis},
doi = {10.1017/S0263574713000349},
file = {:home/edminster/.local/share/data/Mendeley Ltd./Mendeley Desktop/Downloaded/Sinha, Papadakis - 2013 - Mind the gap detection and traversability analysis of terrain gaps using LIDAR for safe robot navigation.pdf:pdf},
issn = {0263-5747},
journal = {Robotica},
keywords = {computer vision,machine systems,man,mobile robots,motion planning,navigation},
month = may,
number = {May},
pages = {1--17},
title = {{Mind the gap: detection and traversability analysis of terrain gaps using LIDAR for safe robot navigation}},
url = {http://www.journals.cambridge.org/abstract\_S0263574713000349},
volume = {31},
year = {2013}
}

@inproceedings{Frank2011,
annote = {L'article présente une méthode de planification de trajectoire en présence d'objets déformables. Une simulation physique est utilisée, mais étant donné que le traitement nécessite une grande quantité de ressources, une régression gaussienne permet d'estimer les déformations d'objets.},
address = {San Francisco},
author = {Frank, Barbara and Stachniss, Cyrill and Abdo, Nichola and Burgard, Wolfram},
booktitle = {IEEE/RSJ International Conference on Intelligent Robots and Systems (IROS)},
doi = {10.1109/IROS.2011.6094946},
file = {:media/D/1Sebastien/UL/Maitrise/Articles/MotionPlanningDeformable.pdf:pdf},
isbn = {978-1-61284-456-5},
keywords = {0000\_Tagged,Deformable,MachineLearning,PathPlanning},
mendeley-tags = {0000\_Tagged,Deformable,MachineLearning,PathPlanning},
month = sep,
pages = {2180--2185},
publisher = {Ieee},
title = {{Efficient motion planning for manipulation robots in environments with deformable objects}},
url = {http://ieeexplore.ieee.org/lpdocs/epic03/wrapper.htm?arnumber=6094946},
year = {2011}
}

@inproceedings{Heidarsson2011,
annote = {L'article présente une méthode de détection et d'évitement des obtacles basée uniquement sur l'utilisation d'un SONAR. L'utilisation de ce capteur est généralement utilisé pour les véhicules sous-marins, mais cet article démontre une utilisation valide pour un véhicule de surface. },
abstract = {We present an experimental study of a mechanically scanned profiling sonar for Autonomous Surface Vehicle (ASV) obstacle detection and avoidance. We extract potential obstacles from echo returns and suggest a scanning strategy for sonar in this application. We demonstrate with simulations (driven by data collected in the field) the potential for an ASV to rely solely on sonar data to navigate and avoid obstacles in a lake and harbor environment.},
address = {Shanghai},
author = {Heidarsson, Hordur K. and Sukhatme, Gaurav S.},
booktitle = {IEEE International Conference on Robotics and Automation (ICRA)},
file = {:home/edminster/.local/share/data/Mendeley Ltd./Mendeley Desktop/Downloaded/Heidarsson, Sukhatme - 2011 - Obstacle detection and avoidance for an Autonomous Surface Vehicle using a profiling sonar.pdf:pdf},
isbn = {9781612843803},
organization = {Robotic Embedded Systems Lab and the Department of Electrical Engineering, University of Southern California, Los Angeles, 90089, USA},
pages = {731--736},
publisher = {IEEE},
title = {{Obstacle detection and avoidance for an Autonomous Surface Vehicle using a profiling sonar}},
year = {2011}
}

@book{thrun2005probabilistic,
  title={Probabilistic robotics},
  author={Thrun, Sebastian and Burgard, Wolfram and Fox, Dieter},
  year={2005},
  publisher={MIT press}
}

@book{dudek2010computational,
  title={Computational principles of mobile robotics},
  author={Dudek, Gregory and Jenkin, Michael},
  year={2010},
  publisher={Cambridge university press}
}

@article{Grisetti2007,
abstract = {Recently, Rao-Blackwellized particle filters (RBPF) have been introduced as an effective means to solve the simultaneous localization and mapping problem. This approach uses a particle filter in which each particle carries an individual map of the environment. Accordingly, a key question is how to reduce the number of particles. In this paper, we present adaptive techniques for reducing this number in a RBPF for learning grid maps. We propose an approach to compute an accurate proposal distribution, taking into account not only the movement of the robot, but also the most recent observation. This drastically decreases the uncertainty about the robot's pose in the prediction step of the filter. Furthermore, we present an approach to selectively carry out resampling operations, which seriously reduces the problem of particle depletion. Experimental results carried out with real mobile robots in large-scale indoor, as well as outdoor, environments illustrate the advantages of our methods over previous approaches},
author = {Grisetti, Giorgio and Stachniss, Cyrill and Burgard, Wolfram},
doi = {10.1109/TRO.2006.889486},
file = {:home/edminster/.local/share/data/Mendeley Ltd./Mendeley Desktop/Downloaded/Grisetti, Stachniss, Burgard - 2007 - Improved Techniques for Grid Mapping With Rao-Blackwellized Particle Filters.pdf:pdf},
journal = {Transactions on Robotics (T-RO)},
keywords = {Adaptive resampling,Rao-Blackwellized particle filter (RBPF),SLAM,SensorRange,improved proposal,motion model,simultaneous localization and mapping (SLAM)},
mendeley-tags = {SLAM,SensorRange},
number = {1},
pages = {34--46},
title = {{Improved Techniques for Grid Mapping With Rao-Blackwellized Particle Filters}},
volume = {23},
year = {2007}
}

@ONLINE{ros,
	author = {Creative Commons Attribution 3.0},
	title = {About ROS},
	month = {February},
	year = {2014},
	url = {http://www.ros.org/}
}

@ONLINE{huskyClearpath,
	author = {Clearpath Robotics Inc},
	title = {Husky},
	month = {February},
	year = {2014},
	url = {http://www.clearpathrobotics.com/husky/}
}
