@article{Iagnemma2009,
annote = {Cet article présente une approche utilisant la centrale à inertie et optionnellement la mesure de vitesse des roues pour détecter l'immobilisation d'un robot dans un environnement extérieur. Les auteurs expliquent aussi comment fusionner les sorties de plusieurs capteurs pour minimiser les erreurs de détection d'immobilisation. Cette approche pourrait être utilisée comme étape partielle de mon approche de navigation dans la neige ou en forêt.},

abstract = {This paper introduces a signal-recognition based approach for detecting autonomous mobile robot immobilization on outdoor terrain. The technique utilizes a support vector machine classifier to form class boundaries in a feature space composed of statistics related to inertial and (optional) wheel speed measurements. The proposed algorithm is validated using experimental data collected with an autonomous robot operating in an outdoor environment. Additionally, two detector fusion techniques are proposed to combine the outputs of multiple immobilization detectors. One technique is proposed to minimize false immobilization detections. A second technique is proposed to increase overall detection accuracy while maintaining rapid detector response. The two fusion techniques are demonstrated experimentally using the detection algorithm proposed in this work and a dynamic model-based algorithm. It is shown that the proposed techniques can be used to rapidly and robustly detect mobile robot immobilization in outdoor environments, even in the absence of absolute position information.},
author = {Iagnemma, Karl and Ward, Chris C.},
doi = {10.1007/s10514-008-9105-8},
file = {:home/edminster/.local/share/data/Mendeley Ltd./Mendeley Desktop/Downloaded/Ward, Iagnemma - 2007 - Classification-Based Wheel Slip Detection and Detector Fusion for Outdoor Mobile Robots.pdf:pdf},
issn = {0929-5593},
journal = {Autonomous Robots},
keywords = {0000\_Tagged,00\_Good,MachineLearning,SensorEncoder,SensorIMU,TerrainInteraction,mobile robots,outdoor terrain,wheel slip},
mendeley-tags = {0000\_Tagged,00\_Good,MachineLearning,SensorEncoder,SensorIMU,TerrainInteraction},
month = oct,
number = {1},
pages = {33----46},
title = {{Classification-Based Wheel Slip Detection and Detector Fusion for Outdoor Mobile Robots}},
url = {http://link.springer.com/10.1007/s10514-008-9105-8},
volume = {26},
year = {2009}
}

@inproceedings{Colas2013,
address = {Tokyo},
annote = {Les auteurs de l'article présentent une méthode de planification de chemin en trois dimensions à partir de données de capteurs bruitées. Une contribution importante de l'article est la capacité de navigation dans un environnement multiniveaux pour lequel le robot doit respecter les configurations possibles. Il est possible de transposer ce problème à certains environnements extérieurs complexes, qu'il sera peut-être nécessaire d'explorer durant mes recherches.},
author = {Colas, Francis and Mahesh, Srivatsa and Pomerleau, Francois and Liu, Ming and Siegwart, Roland},
booktitle = {IEEE/RSJ International Conference on Intelligent Robots and Systems (IROS)},
doi = {10.1109/IROS.2013.6696431},
file = {:home/edminster/.local/share/data/Mendeley Ltd./Mendeley Desktop/Downloaded/Colas et al. - 2013 - 3D path planning and execution for search and rescue ground robots.pdf:pdf},
isbn = {978-1-4673-6358-7},
keywords = {00\_Good,3D,SLAM,SensorRange},
mendeley-tags = {00\_Good,3D,SLAM,SensorRange},
month = nov,
pages = {722--727},
publisher = {IEEE},
title = {{3D path planning and execution for search and rescue ground robots}},
url = {http://ieeexplore.ieee.org/lpdocs/epic03/wrapper.htm?arnumber=6696431},
year = {2013}
}

@inproceedings{Laible2013,
annote = {La méthode présentée dans cet article utilise la fusion des données provenant d'une caméra et d'un capteur laser afin de classer le terrain à l'avant du robot. Le terrain observé est discrétisé en cases qui sont ensuite classées en utilisant la technique de champ aléatoire de Markov. Bien qu'uniquement quatre classes soient définies, l'utilisation judicieuse de la fusion des données et de l'apprentissage automatique pourrait être transposée à l'identification de la traversabilité d'une zone de végétation.},
address = {Barcelona},
author = {Laible, Stefan and Khan, Yasir Niaz and Zell, Andreas},
booktitle = {European Conference on Mobile Robots (ECMR)},
doi = {10.1109/ECMR.2013.6698838},
file = {:home/edminster/.local/share/data/Mendeley Ltd./Mendeley Desktop/Downloaded/Laible, Khan, Zell - 2013 - Terrain classification with conditional random fields on fused 3D LIDAR and camera data.pdf:pdf},
isbn = {978-1-4799-0263-7},
keywords = {0000\_Tagged,0\_NotBad,MachineLearning,SensorCamera,SensorRange},
mendeley-tags = {0000\_Tagged,0\_NotBad,MachineLearning,SensorCamera,SensorRange},
month = sep,
pages = {172--177},
publisher = {IEEE},
title = {{Terrain classification with conditional random fields on fused 3D LIDAR and camera data}},
url = {http://ieeexplore.ieee.org/lpdocs/epic03/wrapper.htm?arnumber=6698838},
year = {2013}
}

@inproceedings{Coyle2008,
annote = {Cet article présente une analyse comparative des différentes stratégies de classification de terrains en utilisant les données d'une centrale à inertie. Les informations fournies dans l'article sont pertinentes, car elles permettent de déterminer la stratégie la mieux adaptée à chaque situation.},
address = {Tallahassee},
author = {Coyle, Eric and Collins, Emmanuel G.},
booktitle = {Army Science Conference},
file = {:home/edminster/.local/share/data/Mendeley Ltd./Mendeley Desktop/Downloaded/Coyle, Collins, Fl - Unknown - A COMPARISON OF CLASSIFIER PERFORMANCE FOR VIBRATION-BASED TERRAIN CLASSIFICATION Department of Mechanica.pdf:pdf},
pages = {1--4},
title = {{A Comparison of Classifier Performance for Vibration-Based Terrain Classification}},
year = {2008}
}

@inproceedings{Boyraz2013,
annote = {Les auteurs de l'article proposent une méthode d'estimation de l'adhérence entre les roues et le sol. Les données utilisées sont des caractéristiques extraites de microphones et un réseau de neurones artificiels est utilisé pour effectuer l'apprentissage automatique. Des expériences ont été effectuées dans la neige, ce qui s'avère intéressant pour mes recherches.},
address = {Gold Coast},
author = {Boyraz, Pinar and Dogan, Daghan},
booktitle = {IEEE Intelligent Vehicles Symposium (IV)},
doi = {10.1109/IVS.2013.6629652},
file = {:home/edminster/.local/share/data/Mendeley Ltd./Mendeley Desktop/Downloaded/Boyraz, Dogan - 2013 - Intelligent traction control in electric vehicles using an acoustic approach for online estimation of road-tire f.pdf:pdf},
isbn = {978-1-4673-2755-8},
month = jun,
number = {Iv},
pages = {1336--1343},
publisher = {IEEE},
title = {{Intelligent traction control in electric vehicles using an acoustic approach for online estimation of road-tire friction}},
url = {http://ieeexplore.ieee.org/lpdocs/epic03/wrapper.htm?arnumber=6629652},
year = {2013}
}

@inproceedings{Rasmussen2014,
annote = {L'article présente une méthode permettant à un robot de suivre une piste extérieur aménagé pour les randonneurs ou les cyclistes. Les auteurs utilisent un capteur laser et une caméra afin d'obtenir les caractéristiques de la structure et de l'apparence de l'environnement. Ces informations sont ensuite utilisées par un algorithme d'apprentissage automatique afin de déterminer la trajectoire que le robot doit suivre. La technique présentée dans l'article pourrait être utilisée pour la navigation en forêt durant mes recherches.},
address = {Berlin, Heidelberg},
author = {Rasmussen, Christopher and Lu, Yan and Kocamaz, Mehmet},
booktitle = {International Conference on Field and Service Robotics (FSR)},
doi = {10.1007/978-3-642-40686-7\_18},
editor = {Yoshida, Kazuya and Tadokoro, Satoshi},
file = {:home/edminster/.local/share/data/Mendeley Ltd./Mendeley Desktop/Downloaded/Rasmussen, Lu, Kocamaz - 2014 - Field and Service Robotics.pdf:pdf},
isbn = {978-3-642-40685-0},
pages = {265--279},
publisher = {Springer Berlin Heidelberg},
series = {Springer Tracts in Advanced Robotics},
title = {{A trail-following robot which uses appearance and structural cues}},
url = {http://link.springer.com/10.1007/978-3-642-40686-7},
volume = {92},
year = {2014}
}
