@article{Brooks2012,
annote = {Cet article présente une technique d'apprentissage auto-supervisé permettant de prédire les propriétés mécaniques d'un terrain distant en utilisant les capteurs extéroceptifs. Les auteurs proposent une approche de classement de l'interaction robot-sol en utilisant les données des capteurs proprioceptifs et utilent les étiquettes de classes résultantes pour entrainer le classificateur utilisant les caractéristiques des données des capteurs extéroceptifs. Cette approche pourrait être adaptée, lors de mes recherches, afin de déterminer si une zone de végétation distante est traversable par le robot.},
author = {Brooks, Christopher A. and Iagnemma, Karl},
doi = {10.1002/rob.21408},
file = {:home/edminster/.local/share/data/Mendeley Ltd./Mendeley Desktop/Downloaded/Brooks, Iagnemma - 2012 - Self-Supervised Terrain Classification for Planetary Surface Exploration Rovers.pdf:pdf},
journal = {Journal of Field Robotics},
keywords = {0000\_Tagged,000\_VeryGood,MachineLearning,SensorCamera,SensorIMU,SensorMotorCurrent,TerrainInteraction},
mendeley-tags = {0000\_Tagged,000\_VeryGood,MachineLearning,SensorCamera,SensorIMU,SensorMotorCurrent,TerrainInteraction},
number = {3},
pages = {445----468},
title = {{Self‐supervised terrain classification for planetary surface exploration rovers}},
url = {http://onlinelibrary.wiley.com/doi/10.1002/rob.21408/full},
volume = {29},
year = {2012}
}

@inproceedings{Frank2009,
address = {Kobe},
annote = {Les auteurs proposent un modèle statistique décrivant l'influence des objets déformables sur les données mesurées par le robot. Ces informations permettent ensuite d'évaluer un chemin de coût minimal entre le point de départ et le point d'arrivée dans un environnement déformable. Il pourrait être intéressant de valider s'il est possible de transposer la technique à des environnements pour lequel le sol est déformable comme c'est le cas lorsque la surface est enneigée.},
author = {Frank, Barbara and Stachniss, Cyrill and Schmedding, Rudiger and Teschner, Matthias and Burgard, Wolfram},
booktitle = {IEEE International Conference on Robotics and Automation (ICRA)},
doi = {10.1109/ROBOT.2009.5152275},
file = {:home/edminster/.local/share/data/Mendeley Ltd./Mendeley Desktop/Downloaded/Frank et al. - 2009 - Real-world robot navigation amongst deformable obstacles.pdf:pdf},
isbn = {978-1-4244-2788-8},
keywords = {000\_VeryGood,3D,Deformable,Obstacles,PathPlanning,SensorRange},
mendeley-tags = {000\_VeryGood,3D,Deformable,Obstacles,PathPlanning,SensorRange},
month = may,
pages = {1649--1654},
publisher = {IEEE},
title = {{Real-world robot navigation amongst deformable obstacles}},
url = {http://ieeexplore.ieee.org/lpdocs/epic03/wrapper.htm?arnumber=5152275},
year = {2009}
}

@inproceedings{Ho2013,
address = {Tokyo},
annote = {L'article présente une approche permettant d'évaluer si un robot peut traverser une zone tout en conservant une configuration stable. L'évaluation est d'abord effectuée en considérant le terrain comme statique, puis l'algorithme considère une estimation de la déformation du terrain suivant les expériences antérieures du robot. Il serait possible de tester l'efficacité de la technique pour des surfaces enneigées et d'évaluer s'il est possible d'anticiper des situations d'immobilisation du robot en considérant, la mesure de friction avec le sol.},
author = {Ho, Ken and Peynot, Thierry and Sukkarieh, Salah},
booktitle = {IEEE/RSJ International Conference on Intelligent Robots and Systems (IROS)},
doi = {10.1109/IROS.2013.6696756},
file = {:home/edminster/.local/share/data/Mendeley Ltd./Mendeley Desktop/Downloaded/Ho, Peynot, Sukkarieh - 2013 - A near-to-far non-parametric learning approach for estimating traversability in deformable terrain.pdf:pdf},
isbn = {978-1-4673-6358-7},
keywords = {000\_VeryGood,3D,Deformable,Learning and Adaptive Systems,SensorEncoder,SensorIMU,SensorRange,Space Robotics and Automation,TerrainInteraction,Traversability},
mendeley-tags = {000\_VeryGood,3D,Deformable,SensorEncoder,SensorIMU,SensorRange,TerrainInteraction,Traversability},
month = nov,
pages = {2827--2833},
publisher = {IEEE},
title = {{A near-to-far non-parametric learning approach for estimating traversability in deformable terrain}},
url = {http://ieeexplore.ieee.org/lpdocs/epic03/wrapper.htm?arnumber=6696756},
year = {2013}
}

@article{Krebs2010,
annote = {L'article présente une approche permettant de développer un modèle des interactions entre le robot et le sol. Des images du terrain à traverser sont acquises et discrétisées en cases qui sont ensuite classées. Les étiquettes de classes représentent l'effet du terrain sur le comportement du robot, qui est déterminé grâce aux données des capteurs proprioceptifs. Les auteurs utilisent une caméra pour l'évaluation distante du terrain, mais il serait intéressant d'évaluer s'il est possible d'obtenir des données plus significatives à partir d'un capteur laser. Si les ressources de traitement le permettent, il serait aussi possible de fusionner l'information des capteurs pour la caractérisation du sol.},
author = {Krebs, Ambroise and Pradalier, C\'{e}dric and Siegwart, Roland},
doi = {DOI: 10.1002/rob.20332},
file = {:home/edminster/.local/share/data/Mendeley Ltd./Mendeley Desktop/Downloaded/Krebs, Siegwart - 2010 - Adaptive Rover Behavior Based on Online Empirical Evaluation Rover – Terrain Interaction and Near-to-Far Lea.pdf:pdf},
journal = {Journal of Field Robotics},
keywords = {000\_VeryGood,MachineLearning,PathPlanning,SensorAngular,SensorCamera,SensorIMU},
mendeley-tags = {000\_VeryGood,MachineLearning,PathPlanning,SensorAngular,SensorCamera,SensorIMU},
number = {2},
pages = {158--180},
title = {{Adaptive Rover Behavior Based on Online Empirical Evaluation : Rover – Terrain Interaction and Near-to-Far Learning}},
volume = {27},
year = {2010}
}

@inproceedings{Libby2012,
address = {Saint Paul},
annote = {L'article présente une classification des terrains basé uniquement les caractéristiques des données sonores acquises grâce à des microphones. Les auteurs affirment qu'il s'agit, en leurs connaissances, de la première utilisation d'information acoustique dans la classification de terrain pour un robot. Il serait particulièrement intéressant d'adapter cette technique pour la classification de la neige, qui émet des sons caractéristiques selon son état.},
author = {Libby, Jacqueline and Stentz, Anthony J.},
booktitle = {IEEE International Conference on Robotics and Automation (ICRA)},
doi = {10.1109/ICRA.2012.6225357},
file = {:home/edminster/.local/share/data/Mendeley Ltd./Mendeley Desktop/Downloaded/Libby, Stentz - 2012 - Using sound to classify vehicle-terrain interactions in outdoor environments.pdf:pdf},
isbn = {978-1-4673-1405-3},
keywords = {0000\_Tagged,000\_VeryGood,MachineLearning,SensorSound,TerrainInteraction},
mendeley-tags = {0000\_Tagged,000\_VeryGood,MachineLearning,SensorSound,TerrainInteraction},
month = may,
pages = {3559--3566},
publisher = {IEEE},
title = {{Using sound to classify vehicle-terrain interactions in outdoor environments}},
url = {http://ieeexplore.ieee.org/lpdocs/epic03/wrapper.htm?arnumber=6225357},
year = {2012}
}

@article{Trautmann2011,
annote = {Cet article utilise l'apprentissage automatique pour identifier l'interaction entre le robot et le sol. La technique est adaptée pour la navigation dans la neige et permet de prévoir les situations d'immobilisation du robot grâce aux données des capteurs proprioceptifs. Dans le cadre de mes recherches, il pourrait être intéressant de déterminer si l'utilisation de capteurs laser à l'avant et l'arrière des roues permettrait de déterminer la compaction de la neige et d'ainsi améliorer l'identification de situations qui précèdent l'immobilisation du robot. },
abstract = {This paper presents a supervised learning approach to improving the autonomous mobility of wheeled robots through sensing the robot’s interaction with terrain ‘underfoot.’ Mobility characterization is cast as a hierarchical task, in which pre-immobilization detection is achieved using support vector machines in time to prevent full immobilization, and if a pre-immobilization condition is detected, the associated terrain feature affecting mobility is identified using a Hidden Markov model. These methods are implemented using a hierarchical, layered control scheme developed for the Yeti robot, a 73-kg, four-wheeled robot designed to perform autonomous medium-range missions in polar terrain. The methodology is motivated by the difficultly of visually recognizing terrain features that impact mobility in low contrast terrain. The efficacy of the approach is evaluated using data from a suite of proprioceptive sensors. Real-time implementation shows that Yeti can consistently detect pre-immobilization conditions, stop in time to avoid unrecoverable immobilization, identify the terrain feature presenting the mobility challenge, and execute an escape sequence to retreat from the condition.},
author = {Trautmann, Eric and Ray, Laura},
doi = {10.1007/s10514-011-9224-5},
file = {:home/edminster/.local/share/data/Mendeley Ltd./Mendeley Desktop/Downloaded/Trautmann, Ray - 2011 - Mobility characterization for autonomous mobile robots using machine learning.pdf:pdf},
issn = {0929-5593},
journal = {Autonomous Robots},
keywords = {000\_VeryGood,MachineLearning,SensorEncoder,SensorGPS,SensorIMU,SensorMotorCurrent,SensorSpeed,Snow,TerrainInteraction,autonomous system mobility,learning,machine,polar robot,proprioception},
mendeley-tags = {000\_VeryGood,MachineLearning,SensorEncoder,SensorGPS,SensorIMU,SensorMotorCurrent,SensorSpeed,Snow,TerrainInteraction},
month = mar,
number = {4},
pages = {369--383},
title = {{Mobility characterization for autonomous mobile robots using machine learning}},
url = {http://link.springer.com/10.1007/s10514-011-9224-5},
volume = {30},
year = {2011}
}

@inproceedings{Wellington2004,
annote = {La technique présentée dans cet article permet de modéliser le terrain et la végétation devant le robot. Cette modélisation permet ensuite de répondre à deux objectifs : détecter les obstacles et éviter d'atteindre une inclinaison critique. Un modèle en trois dimensions de la surface à traverser est créé à partir des capteurs extéroceptifs et est ensuite validé par le passage du robot sur la surface. Cette méthode pourrait être adaptée pour déterminer la traversabilité d'une zone de végétation déformable.},
address = {New Orleans},
author = {Wellington, Carl and Stentz, Anthony},
booktitle = {IEEE International Conference on Robotics and Automation (ICRA)},
file = {:home/edminster/.local/share/data/Mendeley Ltd./Mendeley Desktop/Downloaded/Conference - 2004 - Online Adaptive Rough-Terrain Navigation in Vegetation r.pdf:pdf},
isbn = {0780382323},
number = {April},
pages = {96--101},
publisher = {IEEE},
title = {{Online Adaptive Rough-Terrain Navigation in Vegetation}},
year = {2004}
}

@article{Lalonde2006,
annote = {Les auteurs de l'article utilisent les données d'un capteur laser afin de segmenter un environnement naturel en trois classes : les surfaces, les structures linéaires et les volumes poreux. Ces informations permettent ensuite de produire un modèle de l'environnement en trois dimensions. L'article de 24 pages explique dans le détail les étapes de la méthode. Une modélisation similaire pourrait être envisageable pour évaluer la traversabilité d'une zone de végétation.},
abstract = {In recent years, much progress has been made in outdoor autonomous navigation. However, safe navigation is still a daunting challenge in terrain containing vegetation. In this paper, we focus on the segmentation of ladar data into three classes using local threedimensional point cloud statistics. The classes are: “scatter” to represent porous volumes such as grass and tree canopy; “linear” to capture thin objects like wires or tree branches, and finally “surface” to capture solid objects like ground surface, rocks, or large trunks. We present the details of the proposed method, and the modifications we made to implement it on-board an autonomous ground vehicle for real-time data processing. Finally,we present results produced from different stationary laser sensors and from field tests using an unmanned ground vehicle.},
author = {Lalonde, Jean-Fran\c{c}ois and Vandapel, Nicolas and Huber, Daniel F. and Hebert, Martial},
doi = {10.1002/rob.20134},
file = {:home/edminster/.local/share/data/Mendeley Ltd./Mendeley Desktop/Downloaded/Lalonde et al. - 2006 - Natural terrain classification using three-dimensional ladar data for ground robot mobility.pdf:pdf},
journal = {Journal of Field Robotics},
number = {10},
pages = {839--861},
title = {{Natural terrain classification using three-dimensional ladar data for ground robot mobility}},
url = {http://doi.wiley.com/10.1002/rob.20134},
volume = {23},
year = {2006}
}
